<?xml version="1.0" encoding="UTF-8"?><collection xmlns="http://www.loc.gov/MARC21/slim"><record><leader>00526nam--2200181-i-4500</leader><controlfield tag="001">000028218</controlfield><controlfield tag="002">20161230</controlfield><controlfield tag="005">20161230201037</controlfield><controlfield tag="008">060222s1000------------r-----000-0-eng-d</controlfield><datafield ind1=" " ind2=" " tag="040"><subfield code="a">IFIN-HH</subfield></datafield><datafield ind1=" " ind2=" " tag="080"><subfield code="a">53(075.8)</subfield></datafield><datafield ind1="1" ind2=" " tag="100"><subfield code="a">Kitaigorodski, A</subfield></datafield><datafield ind1="1" ind2="0" tag="245"><subfield code="a">Introduction to physics. translated from the russian by o. smith</subfield><subfield code="c">A. kitaigorodski</subfield></datafield><datafield ind1=" " ind2=" " tag="260"><subfield code="a">Moscow</subfield><subfield code="b">Mir Publishers</subfield><subfield code="c">1976</subfield></datafield><datafield ind1=" " ind2=" " tag="300"><subfield code="a">724P</subfield></datafield><datafield ind1=" " ind2=" " tag="500"><subfield code="a">Titlul Original In Limba Rusa: Vvedenie V Fiziku</subfield></datafield><datafield ind1=" " ind2=" " tag="852"><subfield code="a">44322</subfield><subfield code="c">53</subfield></datafield><datafield ind1=" " ind2=" " tag="CAT"><subfield code="a">Sys</subfield><subfield code="c">20150324</subfield><subfield code="h">101254</subfield></datafield></record></collection>